@article{embrechts1999extreme,
  title={Extreme value theory as a risk management tool},
  author={Embrechts, Paul and Resnick, Sidney I and Samorodnitsky, Gennady},
  journal={North American Actuarial Journal},
  volume={3},
  number={2},
  pages={30--41},
  year={1999},
  publisher={Taylor \& Francis}
}

@article{gilli2006application,
  title={An application of extreme value theory for measuring financial risk},
  author={Gilli, Manfred and others},
  journal={Computational Economics},
  volume={27},
  number={2},
  pages={207--228},
  year={2006},
  publisher={Springer}
}

@article{gkillas2018application,
  title={An application of extreme value theory to cryptocurrencies},
  author={Gkillas, Konstantinos and Katsiampa, Paraskevi},
  journal={Economics Letters},
  volume={164},
  pages={109--111},
  year={2018},
  publisher={Elsevier}
}

@article{katz1999extreme,
  title={Extreme value theory for precipitation: sensitivity analysis for climate change},
  author={Katz, Rick W},
  journal={Advances in Water Resources},
  volume={23},
  number={2},
  pages={133--139},
  year={1999},
  publisher={Elsevier}
}

@article{towler2010modeling,
  title={Modeling hydrologic and water quality extremes in a changing climate: A statistical approach based on extreme value theory},
  author={Towler, Erin and Rajagopalan, Balaji and Gilleland, Eric and Summers, R Scott and Yates, David and Katz, Richard W},
  journal={Water Resources Research},
  volume={46},
  number={11},
  year={2010},
  publisher={Wiley Online Library}
}

@article{coles1991modelling,
  title={Modelling extreme multivariate events},
  author={Coles, Stuart and Tawn, Jonathan A},
  journal={Journal of the Royal Statistical Society: Series B (Methodological)},
  volume={53},
  number={2},
  pages={377--392},
  year={1991},
  publisher={Wiley Online Library}
}

@article{bortot2003extremes,
  title={Extremes of {Markov} chains with tail switching potential},
  author={Bortot, Paola and Coles, Stuart},
  journal={Journal of the Royal Statistical Society: Series B (Statistical Methodology)},
  volume={65},
  number={4},
  pages={851--867},
  year={2003},
  publisher={Wiley Online Library}
}

@article{bernardi2013multivariate,
  title={Multivariate {Markov}-Switching models and tail risk interdependence},
  author={Bernardi, Mauro and Maruotti, Antonello and Petrella, Lea},
  journal={arXiv preprint arXiv:1312.6407},
  year={2013}
}

@book{coles2001introduction,
  title={{An Introduction to Statistical Modeling of Extreme Values}},
  author={Coles, Stuart},
  volume={208},
  year={2001},
  publisher={Springer}
}

@article{balkema1974residual,
  title={Residual life time at great age},
  author={Balkema, August A and de Haan, Laurens},
  journal={The Annals of Probability},
  volume={2},
  number={5},
  pages={792--804},
  year={1974},
  publisher={Institute of Mathematical Statistics}
}

@article{pickands1975statistical,
  title={Statistical inference using extreme order statistics},
  author={Pickands III, James},
  journal={the Annals of Statistics},
  pages={119--131},
  year={1975},
  publisher={JSTOR}
}

@article{de1977limit,
  title={Limit theory for multivariate sample extremes},
  author={De Haan, Laurens and Resnick, Sidney I},
  journal={Zeitschrift f{\"u}r Wahrscheinlichkeitstheorie und verwandte Gebiete},
  volume={40},
  number={4},
  pages={317--337},
  year={1977},
  publisher={Springer}
}

@article{heffernan2004conditional,
  title={A conditional approach for multivariate extreme values (with discussion)},
  author={Heffernan, Janet E and Tawn, Jonathan A},
  journal={Journal of the Royal Statistical Society: Series B (Statistical Methodology)},
  volume={66},
  number={3},
  pages={497--546},
  year={2004},
  publisher={Wiley Online Library}
}

@article{keef2013estimation,
  title={Estimation of the conditional distribution of a multivariate variable given that one of its components is large: Additional constraints for the {Heffernan and Tawn} model},
  author={Keef, Caroline and Papastathopoulos, Ioannis and Tawn, Jonathan A},
  journal={Journal of Multivariate Analysis},
  volume={115},
  pages={396--404},
  year={2013},
  publisher={Elsevier}
}

@article{tendijck2021modeling,
  title={Modeling the extremes of bivariate mixture distributions with application to oceanographic data},
  author={Tendijck, Stan and Eastoe, Emma and Tawn, Jonathan A and Randell, David and Jonathan, Philip},
  journal={Journal of the American Statistical Association},
  pages={1--12},
  year={2021},
  publisher={Taylor \& Francis}
}

@article{petrone1999random,
  title={{Random Bernstein polynomials}},
  author={Petrone, Sonia},
  journal={Scandinavian Journal of Statistics},
  volume={26},
  number={3},
  pages={373--393},
  year={1999},
  publisher={Wiley Online Library}
}

@article{guan2016efficient,
  title={Efficient and robust density estimation using Bernstein type polynomials},
  author={Guan, Zhong},
  journal={Journal of Nonparametric Statistics},
  volume={28},
  number={2},
  pages={250--271},
  year={2016},
  publisher={Taylor \& Francis}
}

@article{wang2019bernstein,
  title={Bernstein polynomial model for nonparametric multivariate density},
  author={Wang, Tao and Guan, Zhong},
  journal={Statistics},
  volume={53},
  number={2},
  pages={321--338},
  year={2019},
  publisher={Taylor \& Francis}
}

@Manual{mev,
  title = {{mev}: Modelling Extreme Values},
  author = {Leo Belzile and others},
  year = {2022},
  url = {https://CRAN.R-project.org/package=mev},
  note = {R package version 1.14},
}
@article{tawn1990modelling,
  title={Modelling multivariate extreme value distributions},
  author={Tawn, Jonathan A},
  journal={Biometrika},
  volume={77},
  number={2},
  pages={245--253},
  year={1990},
  publisher={Oxford University Press}
}

@article{li2019tutorial,
  title={{A tutorial on Dirichlet process mixture modeling}},
  author={Li, Yuelin and Schofield, Elizabeth and G{\"o}nen, Mithat},
  journal={{Journal of Mathematical Psychology}},
  volume={91},
  pages={128--144},
  year={2019},
  publisher={Elsevier}
}

@article{redner1984mixture,
  title={{Mixture densities, maximum likelihood and the EM algorithm}},
  author={Redner, Richard A and Walker, Homer F},
  journal={SIAM review},
  volume={26},
  number={2},
  pages={195--239},
  year={1984},
  publisher={SIAM}
}

@article{marcon2017multivariate,
  title={{Multivariate nonparametric estimation of the Pickands dependence function using Bernstein polynomials}},
  author={Marcon, Giulia and Padoan, SA and Naveau, Philippe and Muliere, Pietro and Segers, Johan},
  journal={Journal of Statistical Planning and Inference},
  volume={183},
  pages={1--17},
  year={2017},
  publisher={Elsevier}
}

@article{papastathopoulos2017extreme,
  title={Extreme events of {Markov} chains},
  author={Papastathopoulos, Ioannis and Strokorb, Kirstin and Tawn, Jonathan A and Butler, Adam},
  journal={Advances in Applied Probability},
  volume={49},
  number={1},
  pages={134--161},
  year={2017},
  publisher={Cambridge University Press}
}

@misc{https://doi.org/10.48550/arxiv.1903.04059,
  doi = {10.48550/ARXIV.1903.04059},
  url = {https://arxiv.org/abs/1903.04059},
  author = {Papastathopoulos, Ioannis and Tawn, Jonathan A.},
  keywords = {Statistics Theory (math.ST), Probability (math.PR), Methodology (stat.ME), FOS: Mathematics, FOS: Mathematics, FOS: Computer and information sciences, FOS: Computer and information sciences, Primary: 60GXX, Secondary: 60G70},
  title = {Hidden tail chains and recurrence equations for dependence parameters associated with extremes of higher-order {Markov} chains},
  publisher = {arXiv},
  year = {2019},
  copyright = {arXiv.org perpetual, non-exclusive license}
}

@article{liu2022evolution,
  title={{Evolution and reform of UK electricity market}},
  author={Liu, Jinqi and Wang, Jihong and Cardinal, Joel},
  journal={Renewable and Sustainable Energy Reviews},
  volume={161},
  pages={112317},
  year={2022},
  publisher={Elsevier}
}

@misc{https://www.elexon.co.uk/about/bsc-explained/,
  title={{BSC} Explained},
  howpublished = {\url{https://www.elexon.co.uk/about/bsc-explained/}},
  author = {Elexon},
  keywords = {},
  publisher = {Elexon},
}
@article{carlstein1986use,
  title={The use of subseries values for estimating the variance of a general statistic from a stationary sequence},
  author={Carlstein, Edward},
  journal={The Annals of Statistics},
  pages={1171--1179},
  year={1986},
  publisher={JSTOR}
}

@article{kunsch1989jackknife,
title={The jackknife and the bootstrap for general stationary observations},
author={Kunsch, Hans R},
journal={The Annals of Statistics},
pages={1217--1241},
year={1989},
publisher={JSTOR}
}

@book{efron1994introduction,
  title={{An Introduction to the Bootstrap}},
  author={Efron, Bradley and Tibshirani, Robert J},
  year={1994},
  publisher={CRC press}
}

@article{mogensen2018optim,
  title={Optim: A mathematical optimization package for {Julia}},
  author={Mogensen, Patrick Kofod and Riseth, Asbj{\o}rn Nilsen},
  journal={Journal of Open Source Software},
  volume={3},
  number={24},
  year={2018},
  publisher={Open Journals}
}

@article{zhu1997algorithm,
  title={Algorithm 778: L-BFGS-B: Fortran subroutines for large-scale bound-constrained optimization},
  author={Zhu, Ciyou and Byrd, Richard H and Lu, Peihuang and Nocedal, Jorge},
  journal={ACM Transactions on mathematical software (TOMS)},
  volume={23},
  number={4},
  pages={550--560},
  year={1997},
  publisher={ACM New York, NY, USA}
}
@phdthesis{auldphdthesis,
  author       = {Graeme Auld},
  title        = {{Statistical Modelling of Environmental Extremes}},
  school       = {University of Edinburgh},
  year         = 2021,
}

@article{davison1990models,
  title={Models for exceedances over high thresholds},
  author={Davison, Anthony C and Smith, Richard L},
  journal={Journal of the Royal Statistical Society: Series B (Methodological)},
  volume={52},
  number={3},
  pages={393--425},
  year={1990},
  publisher={Wiley Online Library}
}
